@inproceedings{asano2009performance,
  title={Performance comparison of FPGA, GPU and CPU in image processing},
  author={Asano, Shuichi and Maruyama, Tsutomu and Yamaguchi, Yoshiki},
  booktitle={Field Programmable Logic and Applications, 2009. FPL 2009. International Conference on},
  pages={126--131},
  year={2009},
  organization={IEEE}
}

@article{li2017fast,
  title={Fast FPGA prototyping for real-time image processing with very high-level synthesis},
  author={Li, Chao and Bi, Yanjing and Marzani, Franck and Yang, Fan},
  journal={Journal of Real-Time Image Processing},
  pages={1--18},
  year={2017},
  publisher={Springer}
}

@inproceedings{toet2016multiscale,
  title={Multiscale image fusion through guided filtering},
  author={Toet, Alexander and Hogervorst, Maarten A},
  booktitle={SPIE Security+ Defence},
  pages={99970J--99970J},
  year={2016},
  organization={International Society for Optics and Photonics}
}

@article{li2013image,
  title={Image fusion with guided filtering},
  author={Li, Shutao and Kang, Xudong and Hu, Jianwen},
  journal={IEEE Transactions on Image Processing},
  volume={22},
  number={7},
  pages={2864--2875},
  year={2013},
  publisher={IEEE}
}

@article{marvin2018crf,
  title={Convolutional CRFs for Semantic Segmentation},
  author={Marvin T.T. Teichmann, Roberto Cipolla},
  Journal={arXiv:https://arxiv.org/pdf/1805.04777.pdf},
  year={2018}
}

@inproceedings{chen18iterative,
    author = {Xinlei Chen and Li-Jia Li and Li Fei-Fei and Abhinav Gupta},
    title = {Iterative Visual Reasoning Beyond Convolutions},
    booktitle = {Proceedings of the IEEE Conference on Computer Vision and Pattern Recognition},
    Year = {2018}
}

@inproceedings{YuKoltun2016,
	author    = {Fisher Yu and Vladlen Koltun},
	title     = {Multi-Scale Context Aggregation by Dilated Convolutions},
	booktitle = {ICLR},
	year      = {2016},
}

Query Results from the ADS Database


Retrieved 1 abstracts, starting with number 1.  Total number selected: 1.

@ARTICLE{Fcn2014,
   author = {{Long}, J. and {Shelhamer}, E. and {Darrell}, T.},
    title = "{Fully Convolutional Networks for Semantic Segmentation}",
  journal = {ArXiv e-prints},
archivePrefix = "arXiv",
   eprint = {1411.4038},
 primaryClass = "cs.CV",
 keywords = {Computer Science - Computer Vision and Pattern Recognition},
     year = 2014,
    month = nov,
   adsurl = {http://adsabs.harvard.edu/abs/2014arXiv1411.4038L},
  adsnote = {Provided by the SAO/NASA Astrophysics Data System}
}

Query Results from the ADS Database


Retrieved 1 abstracts, starting with number 1.  Total number selected: 1.

@ARTICLE{WangWang2018DeLS,
   author = {{Wang}, P. and {Yang}, R. and {Cao}, B. and {Xu}, W. and {Lin}, Y.
	},
    title = "{DeLS-3D: Deep Localization and Segmentation with a 3D Semantic Map}",
  journal = {ArXiv e-prints},
archivePrefix = "arXiv",
   eprint = {1805.04949},
 primaryClass = "cs.CV",
 keywords = {Computer Science - Computer Vision and Pattern Recognition},
     year = 2018,
    month = may,
   adsurl = {http://adsabs.harvard.edu/abs/2018arXiv180504949W},
  adsnote = {Provided by the SAO/NASA Astrophysics Data System}
}

Query Results from the ADS Database


Retrieved 1 abstracts, starting with number 1.  Total number selected: 1.

@ARTICLE{Xu2018PADNet,
   author = {{Xu}, D. and {Ouyang}, W. and {Wang}, X. and {Sebe}, N.},
    title = "{PAD-Net: Multi-Tasks Guided Prediction-and-Distillation Network for Simultaneous Depth Estimation and Scene Parsing}",
  journal = {ArXiv e-prints},
archivePrefix = "arXiv",
   eprint = {1805.04409},
 primaryClass = "cs.CV",
 keywords = {Computer Science - Computer Vision and Pattern Recognition},
     year = 2018,
    month = may,
   adsurl = {http://adsabs.harvard.edu/abs/2018arXiv180504409X},
  adsnote = {Provided by the SAO/NASA Astrophysics Data System}
}

Query Results from the ADS Database


Retrieved 1 abstracts, starting with number 1.  Total number selected: 1.

@ARTICLE{Mehta2018OD200,
   author = {{Mehta}, R. and {Ozturk}, C.},
    title = "{Object detection at 200 Frames Per Second}",
  journal = {ArXiv e-prints},
archivePrefix = "arXiv",
   eprint = {1805.06361},
 primaryClass = "cs.CV",
 keywords = {Computer Science - Computer Vision and Pattern Recognition},
     year = 2018,
    month = may,
   adsurl = {http://adsabs.harvard.edu/abs/2018arXiv180506361M},
  adsnote = {Provided by the SAO/NASA Astrophysics Data System}
}





