@article{volder1959cordic,
  title={The CORDIC trigonometric computing technique},
  author={Volder, Jack E},
  journal={IRE Transactions on electronic computers},
  number={3},
  pages={330--334},
  year={1959},
  publisher={IEEE}
}

@book{overton2001numerical,
  title={Numerical computing with IEEE floating point arithmetic},
  author={Overton, Michael L},
  year={2001},
  publisher={SIAM}
}

@article{KierDavis,
title = {Computing sin and cos in hardware with synthesisable Verilog},
author = {Kier Davis},
publisher = {http://kierdavis.com/cordic.html},
url = {http://kierdavis.com/cordic.html}
}
