@article{dimitrakopoulos2008low,
  title={Low-power leading-zero counting and anticipation logic for high-speed floating point units},
  author={Dimitrakopoulos, Giorgos and Galanopoulos, Kostas and Mavrokefalidis, Christos and Nikolos, Dimitris},
  journal={IEEE transactions on very large scale integration (VLSI) systems},
  volume={16},
  number={7},
  pages={837--850},
  year={2008},
  publisher={IEEE}
}
@book{bookHSpice2007,
	title={HSPICE简明教程},
	author={宫志超},
	year={2007},
	publisher={复旦大学}
}

