@article{li2018machine,
  title={Machine learning--enabled identification of material phase transitions based on experimental data: Exploring collective dynamics in ferroelectric relaxors},
  author={Li, Linglong and Yang, Yaodong and Zhang, Dawei and Ye, Zuo-Guang and Jesse, Stephen and Kalinin, Sergei V and Vasudevan, Rama K},
  journal={Science Advances},
  volume={4},
  number={3},
  pages={eaap8672},
  year={2018},
  publisher={American Association for the Advancement of Science}
}

@article{ueno2018adaptive,
  title={Adaptive design of an X-ray magnetic circular dichroism spectroscopy experiment with Gaussian process modelling},
  author={Ueno, Tetsuro and Hino, Hideitsu and Hashimoto, Ai and Takeichi, Yasuo and Sawada, Masahiro and Ono, Kanta},
  journal={npj Computational Materials},
  volume={4},
  number={1},
  pages={4},
  year={2018},
  publisher={Nature Publishing Group}
}
