@article{fu2017recent,
  title={Recent advances in zero-shot recognition},
  author={Fu, Yanwei and Xiang, Tao and Jiang, Yu-Gang and Xue, Xiangyang and Sigal, Leonid and Gong, Shaogang},
  journal={arXiv preprint arXiv:1710.04837},
  year={2017}
}

@article{shu2018unseen,
  title={Unseen Class Discovery in Open-world Classification},
  author={Shu, Lei and Xu, Hu and Liu, Bing},
  journal={arXiv preprint arXiv:1801.05609},
  year={2018}
}

@article{wang2018zero,
  title={Zero-shot Recognition via Semantic Embeddings and Knowledge Graphs},
  author={Wang, Xiaolong and Ye, Yufei and Gupta, Abhinav},
  journal={arXiv preprint arXiv:1803.08035},
  year={2018}
}

@article{li2018discriminative,
  title={Discriminative Learning of Latent Features for Zero-Shot Recognition},
  author={Li, Yan and Zhang, Junge and Zhang, Jianguo and Huang, Kaiqi},
  journal={arXiv preprint arXiv:1803.06731},
  year={2018}
}

@article{chen2016lifelong,
  title={Lifelong machine learning},
  author={Chen, Zhiyuan and Liu, Bing},
  journal={Synthesis Lectures on Artificial Intelligence and Machine Learning},
  volume={10},
  number={3},
  pages={1--145},
  year={2016},
  publisher={Morgan \& Claypool Publishers}
}
